<record><leader>00000cas a22000007a 4500</leader><controlfield tag="001">24358463</controlfield><controlfield tag="008">910911d19131913iauwr ne      0    0eng d</controlfield><datafield ind1=" " ind2=" " tag="010"><subfield code="a">sn 91056021 </subfield></datafield><datafield ind1=" " ind2=" " tag="040"><subfield code="a">INP</subfield><subfield code="b">eng</subfield><subfield code="c">INP</subfield><subfield code="d">OCLCQ</subfield></datafield><datafield ind1=" " ind2=" " tag="042"><subfield code="a">msc</subfield></datafield><datafield ind1="0" ind2=" " tag="130"><subfield code="a">Ames intelligencer (Ames, Iowa : 1913)</subfield></datafield><datafield ind1="1" ind2="4" tag="245"><subfield code="a">The Ames intelligencer.</subfield></datafield><datafield ind1=" " ind2=" " tag="260"><subfield code="a">Ames, IA :</subfield><subfield code="b">W.G. Williams,</subfield><subfield code="c">1913.</subfield></datafield><datafield ind1=" " ind2=" " tag="300"><subfield code="a">1 v.</subfield></datafield><datafield ind1=" " ind2=" " tag="310"><subfield code="a">Weekly</subfield></datafield><datafield ind1="0" ind2=" " tag="362"><subfield code="a">Vol. 46, no. 30 (Apr. 24, 1913)-v. 46, no. 32 (May 8, 1913).</subfield></datafield><datafield ind1=" " ind2=" " tag="752"><subfield code="a">United States</subfield><subfield code="b">Iowa</subfield><subfield code="c">Story</subfield><subfield code="d">Ames.</subfield></datafield><datafield ind1="0" ind2="0" tag="780"><subfield code="t">Ames daily intelligencer</subfield><subfield code="w">(DLC)sn 85050767</subfield></datafield><datafield ind1="0" ind2="0" tag="785"><subfield code="t">Ames weekly tribune</subfield><subfield code="w">(DLC)sn 85050759</subfield></datafield></record>